<?xml version="1.0" encoding="UTF-8"?><collection xmlns="http://www.loc.gov/MARC21/slim"><record><leader>00391nam--2200121-i-4500</leader><controlfield tag="001">000029362</controlfield><controlfield tag="002">20161230</controlfield><controlfield tag="005">20161230201037</controlfield><controlfield tag="008">060222s1000------------r-----000-0-eng-d</controlfield><datafield ind1=" " ind2=" " tag="100"><subfield code="a">Libourel, Fernand</subfield></datafield><datafield ind1=" " ind2=" " tag="245"><subfield code="a">Detection des neutrons.contribution a la discrimination n-gamma dans les emulsions ionographiques.these</subfield></datafield><datafield ind1=" " ind2=" " tag="260"><subfield code="a">Strasbourg, Faculte Des Sciences, 1962. 71p.+14pl</subfield></datafield><datafield ind1=" " ind2=" " tag="852"><subfield code="a">19659</subfield></datafield></record></collection>